<record><leader>00000cas a22000001a 4500</leader><controlfield tag="001">32885172</controlfield><controlfield tag="007">hd bfu---baaa</controlfield><controlfield tag="008">950727u1927uuuuinuer nea     0   c0mac c</controlfield><datafield ind1=" " ind2=" " tag="010"><subfield code="a">sn 94093810 </subfield></datafield><datafield ind1=" " ind2=" " tag="040"><subfield code="a">NN</subfield><subfield code="b">eng</subfield><subfield code="c">RQM</subfield><subfield code="d">OCLCQ</subfield><subfield code="d">OCLCF</subfield><subfield code="d">OCLCO</subfield><subfield code="d">OCLCQ</subfield></datafield><datafield ind1=" " ind2=" " tag="012"><subfield code="i">9507</subfield></datafield><datafield ind1="1" ind2=" " tag="022"><subfield code="a">0024-9009</subfield><subfield code="l">0024-9009</subfield><subfield code="2">1</subfield></datafield><datafield ind1=" " ind2=" " tag="032"><subfield code="a">323920</subfield><subfield code="b">USPS</subfield></datafield><datafield ind1="0" ind2=" " tag="041"><subfield code="a">mac</subfield><subfield code="a">eng</subfield></datafield><datafield ind1=" " ind2=" " tag="042"><subfield code="a">pcc</subfield></datafield><datafield ind1=" " ind2=" " tag="043"><subfield code="a">ed-----</subfield><subfield code="a">n-us---</subfield></datafield><datafield ind1=" " ind2="0" tag="222"><subfield code="a">Makedonska tribuna</subfield></datafield><datafield ind1="0" ind2="0" tag="245"><subfield code="a">Makedonska tribuna.</subfield></datafield><datafield ind1="3" ind2="1" tag="246"><subfield code="a">Macedonian tribune</subfield></datafield><datafield ind1=" " ind2=" " tag="260"><subfield code="a">Indianapolis, Ind. :</subfield><subfield code="b">Union of the Macedonian Political Organizations of the United States and Canada,</subfield><subfield code="c">1927-</subfield></datafield><datafield ind1=" " ind2=" " tag="300"><subfield code="a">volumes</subfield></datafield><datafield ind1=" " ind2=" " tag="310"><subfield code="a">Biweekly,</subfield><subfield code="b">Nov. 17, 1983-&lt;&gt;</subfield></datafield><datafield ind1=" " ind2=" " tag="321"><subfield code="a">Weekly (except first &amp; second weeks after Labor Day),</subfield><subfield code="b">1927-Nov. 10, 1983</subfield></datafield><datafield ind1=" " ind2=" " tag="336"><subfield code="a">text</subfield><subfield code="b">txt</subfield><subfield code="2">rdacontent</subfield></datafield><datafield ind1=" " ind2=" " tag="337"><subfield code="a">microform</subfield><subfield code="b">h</subfield><subfield code="2">rdamedia</subfield></datafield><datafield ind1=" " ind2=" " tag="338"><subfield code="a">microfilm reel</subfield><subfield code="b">hd</subfield><subfield code="2">rdacarrier</subfield></datafield><datafield ind1="0" ind2=" " tag="362"><subfield code="a">Vol. 1, no. 1 (Phebr. 10, 1927)-</subfield></datafield><datafield ind1=" " ind2=" " tag="500"><subfield code="a">Published in Fort Wayne, Nov. 17, 1983-</subfield></datafield><datafield ind1=" " ind2=" " tag="500"><subfield code="a">Beginning in 1939 has parallel title: Macedonian tribune.</subfield></datafield><datafield ind1=" " ind2=" " tag="515"><subfield code="a">Issue no. are continuous, i.e., v. 2 begins with no. 53.</subfield></datafield><datafield ind1=" " ind2=" " tag="546"><subfield code="a">In Macedonian and English.</subfield></datafield><datafield ind1=" " ind2=" " tag="550"><subfield code="a">Organ of: the Union of the Macedonian Political Organizations of the United States and Canada.</subfield></datafield><datafield ind1=" " ind2=" " tag="533"><subfield code="a">Microfilm.</subfield><subfield code="m">1962.</subfield><subfield code="b">New York :</subfield><subfield code="c">New York Public Library,</subfield><subfield code="d">[19--].</subfield><subfield code="e">1 microfilm reel ; 35 mm.</subfield></datafield><datafield ind1=" " ind2="0" tag="650"><subfield code="a">Macedonians</subfield><subfield code="z">United States</subfield><subfield code="v">Newspapers.</subfield></datafield><datafield ind1=" " ind2="0" tag="650"><subfield code="a">Macedonians</subfield><subfield code="z">Canada</subfield><subfield code="v">Newspapers.</subfield></datafield><datafield ind1=" " ind2="7" tag="650"><subfield code="a">Macedonians.</subfield><subfield code="2">fast</subfield><subfield code="0">(OCoLC)fst01004739</subfield></datafield><datafield ind1=" " ind2="7" tag="651"><subfield code="a">Canada.</subfield><subfield code="2">fast</subfield><subfield code="0">(OCoLC)fst01204310</subfield></datafield><datafield ind1=" " ind2="7" tag="651"><subfield code="a">United States.</subfield><subfield code="2">fast</subfield><subfield code="0">(OCoLC)fst01204155</subfield></datafield><datafield ind1=" " ind2="7" tag="655"><subfield code="a">Newspapers.</subfield><subfield code="2">fast</subfield><subfield code="0">(OCoLC)fst01423814</subfield></datafield><datafield ind1="2" ind2=" " tag="710"><subfield code="a">Macedonian Patriotic Organization.</subfield><subfield code="b">Central Committee.</subfield></datafield><datafield ind1="2" ind2=" " tag="710"><subfield code="a">Macedono-Bulgarian Orthodox Churches of the U.S.A. and Canada.</subfield></datafield><datafield ind1=" " ind2=" " tag="752"><subfield code="a">United States</subfield><subfield code="b">Indiana</subfield><subfield code="c">Marion</subfield><subfield code="d">Indianapolis.</subfield></datafield><datafield ind1=" " ind2=" " tag="752"><subfield code="a">United States</subfield><subfield code="b">Indiana</subfield><subfield code="c">Allen</subfield><subfield code="d">Fort Wayne.</subfield></datafield><datafield ind1="1" ind2=" " tag="776"><subfield code="c">Original</subfield><subfield code="w">(DLC)sn 78000762</subfield></datafield><datafield ind1=" " ind2=" " tag="850"><subfield code="a">NN</subfield><subfield code="a">NN (master)</subfield></datafield><datafield ind1="1" ind2=" " tag="029"><subfield code="a">AU@</subfield><subfield code="b">000025857287</subfield></datafield></record>